<record><leader>00000cas a22000007a 4500</leader><controlfield tag="001">37207784</controlfield><controlfield tag="008">970627d19uu1913okuwr n       0    0eng d</controlfield><datafield ind1=" " ind2=" " tag="010"><subfield code="a">sn 97064980 </subfield></datafield><datafield ind1=" " ind2=" " tag="040"><subfield code="a">OBN</subfield><subfield code="b">eng</subfield><subfield code="c">OBN</subfield><subfield code="d">OCLCQ</subfield><subfield code="d">OCLCO</subfield></datafield><datafield ind1="1" ind2=" " tag="029"><subfield code="a">AU@</subfield><subfield code="b">000013335479</subfield></datafield><datafield ind1=" " ind2=" " tag="042"><subfield code="a">msc</subfield></datafield><datafield ind1=" " ind2=" " tag="043"><subfield code="a">n-us-ok</subfield></datafield><datafield ind1="0" ind2="0" tag="245"><subfield code="a">Okmulgee democrat.</subfield></datafield><datafield ind1="3" ind2=" " tag="246"><subfield code="a">Democrat</subfield></datafield><datafield ind1=" " ind2=" " tag="260"><subfield code="a">Okmulgee, Creek Nation, Indian Territory [Okla.] :</subfield><subfield code="b">Ernest L. Bozarth</subfield></datafield><datafield ind1=" " ind2=" " tag="300"><subfield code="a">v.</subfield></datafield><datafield ind1=" " ind2=" " tag="310"><subfield code="a">Weekly</subfield></datafield><datafield ind1="1" ind2=" " tag="362"><subfield code="a">Ceased in 1913.</subfield></datafield><datafield ind1=" " ind2=" " tag="588"><subfield code="a">Description based on: Vol. 6, no. 51 (Jan. 25, 1906).</subfield></datafield><datafield ind1=" " ind2="0" tag="651"><subfield code="a">Okmulgee (Okla.)</subfield><subfield code="v">Newspapers.</subfield></datafield><datafield ind1=" " ind2="0" tag="651"><subfield code="a">Okmulgee County (Okla.)</subfield><subfield code="v">Newspapers.</subfield></datafield><datafield ind1=" " ind2="0" tag="651"><subfield code="a">Creek Nation (Okla.)</subfield><subfield code="v">Newspapers.</subfield></datafield><datafield ind1=" " ind2="0" tag="651"><subfield code="a">Indian Territory</subfield><subfield code="v">Newspapers.</subfield></datafield><datafield ind1=" " ind2=" " tag="752"><subfield code="a">United States</subfield><subfield code="b">Oklahoma</subfield><subfield code="c">Okmulgee</subfield><subfield code="d">Okmulgee.</subfield></datafield><datafield ind1="1" ind2=" " tag="775"><subfield code="t">Daily democrat (Okmulgee, Okla.)</subfield><subfield code="w">(DLC)sn 97064983</subfield><subfield code="w">(OCoLC)37207908</subfield></datafield><datafield ind1="0" ind2="5" tag="780"><subfield code="t">Morris enterprise</subfield><subfield code="w">(DLC)sn 97064979</subfield><subfield code="w">(OCoLC)37207745</subfield></datafield><datafield ind1="0" ind2="0" tag="785"><subfield code="t">Mid-continent oil news</subfield><subfield code="w">(DLC)sn 97064981</subfield><subfield code="w">(OCoLC)37207822</subfield></datafield></record>